<record><leader>00000cas a2200000 a 4500</leader><controlfield tag="001">9627763</controlfield><controlfield tag="008">830621d18761881nyuwr ne      0    0eng c</controlfield><datafield ind1=" " ind2=" " tag="010"><subfield code="a">sn 83030670 </subfield></datafield><datafield ind1=" " ind2=" " tag="040"><subfield code="a">NPU</subfield><subfield code="b">eng</subfield><subfield code="c">NPU</subfield><subfield code="d">NYS</subfield><subfield code="d">OCLCQ</subfield><subfield code="d">NYS</subfield><subfield code="d">OCLCQ</subfield><subfield code="d">OCLCF</subfield><subfield code="d">OCLCO</subfield></datafield><datafield ind1="1" ind2=" " tag="029"><subfield code="a">AU@</subfield><subfield code="b">000025394530</subfield></datafield><datafield ind1=" " ind2=" " tag="042"><subfield code="a">pcc</subfield></datafield><datafield ind1=" " ind2=" " tag="043"><subfield code="a">n-us-ny</subfield></datafield><datafield ind1="0" ind2=" " tag="130"><subfield code="a">Babylon budget (Babylon, N.Y. : 1876)</subfield></datafield><datafield ind1="1" ind2="4" tag="245"><subfield code="a">The Babylon budget.</subfield></datafield><datafield ind1=" " ind2=" " tag="260"><subfield code="a">Babylon, N.Y. :</subfield><subfield code="b">Jesse S. Pettit</subfield></datafield><datafield ind1=" " ind2=" " tag="300"><subfield code="a">v.</subfield></datafield><datafield ind1=" " ind2=" " tag="310"><subfield code="a">Weekly</subfield></datafield><datafield ind1="0" ind2=" " tag="362"><subfield code="a">Vol. 1, no. 1 (Mar. 25, 1876)-v. 13, no. 297 (Nov. 26, 1881).</subfield></datafield><datafield ind1=" " ind2=" " tag="500"><subfield code="a">Editors &amp; Proprietors: Jesse S. Pettit, 1877-1878; John Louden 1878-1879; Charles Duryea, 1879; and John R. Reid 1879-1881.</subfield></datafield><datafield ind1=" " ind2=" " tag="500"><subfield code="a">"A Progressive independent democratic journal devoted to Long Island and its weekly history."</subfield></datafield><datafield ind1=" " ind2="0" tag="651"><subfield code="a">Babylon (N.Y.)</subfield><subfield code="v">Newspapers.</subfield></datafield><datafield ind1=" " ind2="0" tag="651"><subfield code="a">Suffolk County (N.Y.)</subfield><subfield code="v">Newspapers.</subfield></datafield><datafield ind1=" " ind2="7" tag="655"><subfield code="a">Newspapers.</subfield><subfield code="2">fast</subfield><subfield code="0">(OCoLC)fst01423814</subfield></datafield><datafield ind1=" " ind2="7" tag="651"><subfield code="a">New York (State)</subfield><subfield code="z">Babylon.</subfield><subfield code="2">fast</subfield><subfield code="0">(OCoLC)fst01207261</subfield></datafield><datafield ind1=" " ind2="7" tag="651"><subfield code="a">New York (State)</subfield><subfield code="z">Suffolk County.</subfield><subfield code="2">fast</subfield><subfield code="0">(OCoLC)fst01207260</subfield></datafield><datafield ind1=" " ind2=" " tag="752"><subfield code="a">United States</subfield><subfield code="b">New York</subfield><subfield code="c">Suffolk</subfield><subfield code="d">Babylon.</subfield></datafield><datafield ind1="0" ind2="0" tag="785"><subfield code="t">Budget (Babylon, N.Y.)</subfield><subfield code="w">(DLC)sn 95071407</subfield><subfield code="w">(OCoLC)33057867</subfield></datafield></record>